@PREAMBLE{
 "\providecommand{\noopsort}[1]{}" 
 # "\providecommand{\singleletter}[1]{#1}%" 
}

@ARTICLE{2013arXiv1312.6114K,
       author = {{Kingma}, Diederik P and {Welling}, Max},
        title = "{Auto-Encoding Variational Bayes}",
      journal = {arXiv e-prints},
     keywords = {Statistics - Machine Learning, Computer Science - Machine Learning},
         year = 2013,
        month = dec,
          eid = {arXiv:1312.6114},
        pages = {arXiv:1312.6114},
archivePrefix = {arXiv},
       eprint = {1312.6114},
 primaryClass = {stat.ML},
       adsurl = {https://ui.adsabs.harvard.edu/abs/2013arXiv1312.6114K},
      adsnote = {Provided by the SAO/NASA Astrophysics Data System}
}

@book{goodfellow/etal:2016,
    title={Deep Learning},
    author={Ian Goodfellow and Yoshua Bengio and Aaron Courville},
    publisher={MIT Press},
    note={\url{http://www.deeplearningbook.org}},
    year={2016}
}

@ARTICLE{zhao/etal:2017,
       author = {{Zhao}, Shengjia and {Song}, Jiaming and {Ermon}, Stefano},
        title = "{Towards Deeper Understanding of Variational Autoencoding Models}",
      journal = {arXiv e-prints},
     keywords = {Computer Science - Machine Learning, Statistics - Machine Learning},
         year = 2017,
        month = feb,
          eid = {arXiv:1702.08658},
        pages = {arXiv:1702.08658},
archivePrefix = {arXiv},
       eprint = {1702.08658},
 primaryClass = {cs.LG},
       adsurl = {https://ui.adsabs.harvard.edu/abs/2017arXiv170208658Z},
      adsnote = {Provided by the SAO/NASA Astrophysics Data System}
}



@ARTICLE{alonso/etal:2019,
       author = {{Alonso}, David and {Sanchez}, Javier and {Slosar}, An{\v{z}}e and {LSST Dark Energy Science Collaboration}},
        title = "{A unified pseudo-C$_{{\ensuremath{\ell}}}$ framework}",
      journal = {\mnras},
     keywords = {methods: data analysis, methods: numerical, Astrophysics - Cosmology and Nongalactic Astrophysics},
         year = 2019,
        month = apr,
       volume = {484},
       number = {3},
        pages = {4127-4151},
          doi = {10.1093/mnras/stz093},
archivePrefix = {arXiv},
       eprint = {1809.09603},
 primaryClass = {astro-ph.CO},
       adsurl = {https://ui.adsabs.harvard.edu/abs/2019MNRAS.484.4127A},
      adsnote = {Provided by the SAO/NASA Astrophysics Data System}
}



@ARTICLE{kingma/welling:2013,
       author = {{Kingma}, Diederik P and {Welling}, Max},
        title = "{Auto-Encoding Variational Bayes}",
      journal = {arXiv e-prints},
     keywords = {Statistics - Machine Learning, Computer Science - Machine Learning},
         year = 2013,
        month = dec,
          eid = {arXiv:1312.6114},
        pages = {arXiv:1312.6114},
archivePrefix = {arXiv},
       eprint = {1312.6114},
 primaryClass = {stat.ML},
       adsurl = {https://ui.adsabs.harvard.edu/abs/2013arXiv1312.6114K},
      adsnote = {Provided by the SAO/NASA Astrophysics Data System}
}

@ARTICLE{kingma/welling:2019,
       author = {{Kingma}, Diederik P. and {Welling}, Max},
        title = "{An Introduction to Variational Autoencoders}",
      journal = {arXiv e-prints},
     keywords = {Computer Science - Machine Learning, Statistics - Machine Learning},
         year = 2019,
        month = jun,
          eid = {arXiv:1906.02691},
        pages = {arXiv:1906.02691},
archivePrefix = {arXiv},
       eprint = {1906.02691},
 primaryClass = {cs.LG},
       adsurl = {https://ui.adsabs.harvard.edu/abs/2019arXiv190602691K},
      adsnote = {Provided by the SAO/NASA Astrophysics Data System}
}

@ARTICLE{kingma/etal:2016,
       author = {{Kingma}, Diederik P. and {Salimans}, Tim and {Jozefowicz}, Rafal and {Chen}, Xi and {Sutskever}, Ilya and {Welling}, Max},
        title = "{Improving Variational Inference with Inverse Autoregressive Flow}",
      journal = {arXiv e-prints},
     keywords = {Computer Science - Machine Learning, Statistics - Machine Learning},
         year = 2016,
        month = jun,
          eid = {arXiv:1606.04934},
        pages = {arXiv:1606.04934},
archivePrefix = {arXiv},
       eprint = {1606.04934},
 primaryClass = {cs.LG},
       adsurl = {https://ui.adsabs.harvard.edu/abs/2016arXiv160604934K},
      adsnote = {Provided by the SAO/NASA Astrophysics Data System}
}



@ARTICLE{rezende/etal:2014,
       author = {{Jimenez Rezende}, Danilo and {Mohamed}, Shakir and {Wierstra}, Daan},
        title = "{Stochastic Backpropagation and Approximate Inference in Deep Generative Models}",
      journal = {arXiv e-prints},
     keywords = {Statistics - Machine Learning, Computer Science - Artificial Intelligence, Computer Science - Machine Learning, Statistics - Computation, Statistics - Methodology},
         year = 2014,
        month = jan,
          eid = {arXiv:1401.4082},
        pages = {arXiv:1401.4082},
archivePrefix = {arXiv},
       eprint = {1401.4082},
 primaryClass = {stat.ML},
       adsurl = {https://ui.adsabs.harvard.edu/abs/2014arXiv1401.4082J},
      adsnote = {Provided by the SAO/NASA Astrophysics Data System}
}

@article{williams:1992,
  title={Simple statistical gradient-following algorithms for connectionist reinforcement learning},
  author={Williams, Ronald J},
  journal={Machine learning},
  volume={8},
  number={3-4},
  pages={229--256},
  year={1992},
  publisher={Springer}
}

@ARTICLE{goodfellow/etal:2014,
       author = {{Goodfellow}, Ian J. and {Pouget-Abadie}, Jean and {Mirza}, Mehdi and
         {Xu}, Bing and {Warde-Farley}, David and {Ozair}, Sherjil and
         {Courville}, Aaron and {Bengio}, Yoshua},
        title = "{Generative Adversarial Networks}",
      journal = {arXiv e-prints},
     keywords = {Statistics - Machine Learning, Computer Science - Machine Learning},
         year = 2014,
        month = jun,
          eid = {arXiv:1406.2661},
        pages = {arXiv:1406.2661},
archivePrefix = {arXiv},
       eprint = {1406.2661},
 primaryClass = {stat.ML},
       adsurl = {https://ui.adsabs.harvard.edu/abs/2014arXiv1406.2661G},
      adsnote = {Provided by the SAO/NASA Astrophysics Data System}
}

@ARTICLE{farsian/etal:2020,
       author = {{Farsian}, F. and {Krachmalnicoff}, N. and {Baccigalupi}, C.},
        title = "{Foreground model recognition through Neural Networks for CMB B-mode observations}",
      journal = {\jcap},
     keywords = {Astrophysics - Cosmology and Nongalactic Astrophysics, Computer Science - Machine Learning},
         year = 2020,
        month = jul,
       volume = {2020},
       number = {7},
          eid = {017},
        pages = {017},
          doi = {10.1088/1475-7516/2020/07/017},
archivePrefix = {arXiv},
       eprint = {2003.02278},
 primaryClass = {astro-ph.CO},
       adsurl = {https://ui.adsabs.harvard.edu/abs/2020JCAP...07..017F},
      adsnote = {Provided by the SAO/NASA Astrophysics Data System}
}

@ARTICLE{krachmalnicoff/tomasi:2019,
       author = {{Krachmalnicoff}, N. and {Tomasi}, M.},
        title = "{Convolutional neural networks on the HEALPix sphere: a pixel-based algorithm and its application to CMB data analysis}",
      journal = {\aap},
     keywords = {methods: data analysis, methods: numerical, cosmic background radiation, Astrophysics - Instrumentation and Methods for Astrophysics},
         year = 2019,
        month = aug,
       volume = {628},
          eid = {A129},
        pages = {A129},
          doi = {10.1051/0004-6361/201935211},
archivePrefix = {arXiv},
       eprint = {1902.04083},
 primaryClass = {astro-ph.IM},
       adsurl = {https://ui.adsabs.harvard.edu/abs/2019A&A...628A.129K},
      adsnote = {Provided by the SAO/NASA Astrophysics Data System}
}



@ARTICLE{petroff/etal:2020,
       author = {{Petroff}, Matthew A. and {Addison}, Graeme E. and
         {Bennett}, Charles L. and {Weiland}, Janet L.},
        title = "{Full-sky Cosmic Microwave Background Foreground Cleaning Using Machine Learning}",
      journal = {arXiv e-prints},
     keywords = {Astrophysics - Cosmology and Nongalactic Astrophysics},
         year = 2020,
        month = apr,
          eid = {arXiv:2004.11507},
        pages = {arXiv:2004.11507},
archivePrefix = {arXiv},
       eprint = {2004.11507},
 primaryClass = {astro-ph.CO},
       adsurl = {https://ui.adsabs.harvard.edu/abs/2020arXiv200411507P},
      adsnote = {Provided by the SAO/NASA Astrophysics Data System}
}

@ARTICLE{hortua/etal:2019,
       author = {{Hortua}, Hector J. and {Volpi}, Riccardo and {Marinelli}, Dimitri and
         {Malag{\`o}}, Luigi},
        title = "{Parameters Estimation for the Cosmic Microwave Background with Bayesian Neural Networks}",
      journal = {arXiv e-prints},
     keywords = {Astrophysics - Instrumentation and Methods for Astrophysics, Computer Science - Machine Learning},
         year = 2019,
        month = nov,
          eid = {arXiv:1911.08508},
        pages = {arXiv:1911.08508},
archivePrefix = {arXiv},
       eprint = {1911.08508},
 primaryClass = {astro-ph.IM},
       adsurl = {https://ui.adsabs.harvard.edu/abs/2019arXiv191108508H},
      adsnote = {Provided by the SAO/NASA Astrophysics Data System}
}

@ARTICLE{caldeira/etal:2019,
       author = {{Caldeira}, J. and {Wu}, W.~L.~K. and {Nord}, B. and {Avestruz}, C. and
         {Trivedi}, S. and {Story}, K.~T.},
        title = "{DeepCMB: Lensing reconstruction of the cosmic microwave background with deep neural networks}",
      journal = {Astronomy and Computing},
     keywords = {Cosmic microwave background, Cosmology, Deep learning, Convolutional neural networks, Astrophysics - Cosmology and Nongalactic Astrophysics, Computer Science - Computer Vision and Pattern Recognition, Statistics - Machine Learning},
         year = 2019,
        month = jul,
       volume = {28},
          eid = {100307},
        pages = {100307},
          doi = {10.1016/j.ascom.2019.100307},
archivePrefix = {arXiv},
       eprint = {1810.01483},
 primaryClass = {astro-ph.CO},
       adsurl = {https://ui.adsabs.harvard.edu/abs/2019A&C....2800307C},
      adsnote = {Provided by the SAO/NASA Astrophysics Data System}
}

@ARTICLE{perraudin/etal:2019,
       author = {{Perraudin}, N. and {Defferrard}, M. and {Kacprzak}, T. and {Sgier}, R.},
        title = "{DeepSphere: Efficient spherical convolutional neural network with HEALPix sampling for cosmological applications}",
      journal = {Astronomy and Computing},
     keywords = {Spherical convolutional neural network, DeepSphere, Graph CNN, Cosmological data analysis, Mass mapping, Astrophysics - Cosmology and Nongalactic Astrophysics, Astrophysics - Instrumentation and Methods for Astrophysics, Computer Science - Artificial Intelligence, Computer Science - Computer Vision and Pattern Recognition, Computer Science - Machine Learning},
         year = 2019,
        month = apr,
       volume = {27},
          eid = {130},
        pages = {130},
          doi = {10.1016/j.ascom.2019.03.004},
archivePrefix = {arXiv},
       eprint = {1810.12186},
 primaryClass = {astro-ph.CO},
       adsurl = {https://ui.adsabs.harvard.edu/abs/2019A&C....27..130P},
      adsnote = {Provided by the SAO/NASA Astrophysics Data System}
}



@ARTICLE{planck/parameters:2018,
       author = {{Planck Collaboration} and {Aghanim}, N. and {Akrami}, Y. and
         {Ashdown}, M. and {Aumont}, J. and {Baccigalupi}, C. and
         {Ballardini}, M. and {Banday}, A.~J. and {Barreiro}, R.~B. and
         {Bartolo}, N. and {Basak}, S. and {Battye}, R. and {Benabed}, K. and
         {Bernard}, J. -P. and {Bersanelli}, M. and {Bielewicz}, P. and
         {Bock}, J.~J. and {Bond}, J.~R. and {Borrill}, J. and {Bouchet}, F.~R. and
         {Boulanger}, F. and {Bucher}, M. and {Burigana}, C. and
         {Butler}, R.~C. and {Calabrese}, E. and {Cardoso}, J. -F. and
         {Carron}, J. and {Challinor}, A. and {Chiang}, H.~C. and {Chluba}, J. and
         {Colombo}, L.~P.~L. and {Combet}, C. and {Contreras}, D. and
         {Crill}, B.~P. and {Cuttaia}, F. and {de Bernardis}, P. and
         {de Zotti}, G. and {Delabrouille}, J. and {Delouis}, J. -M. and
         {Di Valentino}, E. and {Diego}, J.~M. and {Dor{\'e}}, O. and
         {Douspis}, M. and {Ducout}, A. and {Dupac}, X. and {Dusini}, S. and
         {Efstathiou}, G. and {Elsner}, F. and {En{\ss}lin}, T.~A. and
         {Eriksen}, H.~K. and {Fantaye}, Y. and {Farhang}, M. and
         {Fergusson}, J. and {Fernandez-Cobos}, R. and {Finelli}, F. and
         {Forastieri}, F. and {Frailis}, M. and {Fraisse}, A.~A. and
         {Franceschi}, E. and {Frolov}, A. and {Galeotta}, S. and {Galli}, S. and
         {Ganga}, K. and {G{\'e}nova-Santos}, R.~T. and {Gerbino}, M. and
         {Ghosh}, T. and {Gonz{\'a}lez-Nuevo}, J. and {G{\'o}rski}, K.~M. and
         {Gratton}, S. and {Gruppuso}, A. and {Gudmundsson}, J.~E. and
         {Hamann}, J. and {Handley}, W. and {Hansen}, F.~K. and {Herranz}, D. and
         {Hildebrandt}, S.~R. and {Hivon}, E. and {Huang}, Z. and
         {Jaffe}, A.~H. and {Jones}, W.~C. and {Karakci}, A. and
         {Keih{\"a}nen}, E. and {Keskitalo}, R. and {Kiiveri}, K. and {Kim}, J. and
         {Kisner}, T.~S. and {Knox}, L. and {Krachmalnicoff}, N. and {Kunz}, M. and
         {Kurki-Suonio}, H. and {Lagache}, G. and {Lamarre}, J. -M. and
         {Lasenby}, A. and {Lattanzi}, M. and {Lawrence}, C.~R. and
         {Le Jeune}, M. and {Lemos}, P. and {Lesgourgues}, J. and {Levrier}, F. and
         {Lewis}, A. and {Liguori}, M. and {Lilje}, P.~B. and {Lilley}, M. and
         {Lindholm}, V. and {L{\'o}pez-Caniego}, M. and {Lubin}, P.~M. and
         {Ma}, Y. -Z. and {Mac{\'\i}as-P{\'e}rez}, J.~F. and {Maggio}, G. and
         {Maino}, D. and {Mandolesi}, N. and {Mangilli}, A. and
         {Marcos-Caballero}, A. and {Maris}, M. and {Martin}, P.~G. and
         {Martinelli}, M. and {Mart{\'\i}nez-Gonz{\'a}lez}, E. and
         {Matarrese}, S. and {Mauri}, N. and {McEwen}, J.~D. and
         {Meinhold}, P.~R. and {Melchiorri}, A. and {Mennella}, A. and
         {Migliaccio}, M. and {Millea}, M. and {Mitra}, S. and
         {Miville-Desch{\^e}nes}, M. -A. and {Molinari}, D. and {Montier}, L. and
         {Morgante}, G. and {Moss}, A. and {Natoli}, P. and
         {N{\o}rgaard-Nielsen}, H.~U. and {Pagano}, L. and {Paoletti}, D. and
         {Partridge}, B. and {Patanchon}, G. and {Peiris}, H.~V. and
         {Perrotta}, F. and {Pettorino}, V. and {Piacentini}, F. and
         {Polastri}, L. and {Polenta}, G. and {Puget}, J. -L. and
         {Rachen}, J.~P. and {Reinecke}, M. and {Remazeilles}, M. and
         {Renzi}, A. and {Rocha}, G. and {Rosset}, C. and {Roudier}, G. and
         {Rubi{\~n}o-Mart{\'\i}n}, J.~A. and {Ruiz-Granados}, B. and
         {Salvati}, L. and {Sandri}, M. and {Savelainen}, M. and {Scott}, D. and
         {Shellard}, E.~P.~S. and {Sirignano}, C. and {Sirri}, G. and
         {Spencer}, L.~D. and {Sunyaev}, R. and {Suur-Uski}, A. -S. and
         {Tauber}, J.~A. and {Tavagnacco}, D. and {Tenti}, M. and
         {Toffolatti}, L. and {Tomasi}, M. and {Trombetti}, T. and
         {Valenziano}, L. and {Valiviita}, J. and {Van Tent}, B. and
         {Vibert}, L. and {Vielva}, P. and {Villa}, F. and {Vittorio}, N. and {Wand
        elt}, B.~D. and {Wehus}, I.~K. and {White}, M. and {White}, S.~D.~M. and
         {Zacchei}, A. and {Zonca}, A.},
        title = "{Planck 2018 results. VI. Cosmological parameters}",
      journal = {\aap},
     keywords = {cosmic background radiation, cosmological parameters, Astrophysics - Cosmology and Nongalactic Astrophysics},
         year = 2020,
        month = sep,
       volume = {641},
          eid = {A6},
        pages = {A6},
          doi = {10.1051/0004-6361/201833910},
archivePrefix = {arXiv},
       eprint = {1807.06209},
 primaryClass = {astro-ph.CO},
       adsurl = {https://ui.adsabs.harvard.edu/abs/2020A&A...641A...6P},
      adsnote = {Provided by the SAO/NASA Astrophysics Data System}
}

@ARTICLE{aiola/etal:2020,
       author = {{Aiola}, Simone and {Calabrese}, Erminia and {Maurin}, Lo{\"\i}c and
         {Naess}, Sigurd and {Schmitt}, Benjamin L. and
         {Abitbol}, Maximilian H. and {Addison}, Graeme E. and
         {Ade}, Peter A.~R. and {Alonso}, David and {Amiri}, Mandana and
         {Amodeo}, Stefania and {Angile}, Elio and {Austermann}, Jason E. and
         {Baildon}, Taylor and {Battaglia}, Nick and {Beall}, James A. and
         {Bean}, Rachel and {Becker}, Daniel T. and {Bond}, J Richard and
         {Bruno}, Sarah Marie and {Calafut}, Victoria and {Campusano}, Luis E. and
         {Carrero}, Felipe and {Chesmore}, Grace E. and {Cho.}, Hsiao-mei and
         {Choi}, Steve K. and {Clark}, Susan E. and {Cothard}, Nicholas F. and
         {Crichton}, Devin and {Crowley}, Kevin T. and {Darwish}, Omar and
         {Datta}, Rahul and {Denison}, Edward V. and {Devlin}, Mark J. and
         {Duell}, Cody J. and {Duff}, Shannon M. and
         {Duivenvoorden}, Adriaan J. and {Dunkley}, Jo and {D{\"u}nner}, Roland
        o and {Essinger-Hileman}, Thomas and {Fankhanel}, Max and
         {Ferraro}, Simone and {Fox}, Anna E. and {Fuzia}, Brittany and
         {Gallardo}, Patricio A. and {Gluscevic}, Vera and {Golec}, Joseph E. and
         {Grace}, Emily and {Gralla}, Megan and {Guan}, Yilun and
         {Hall}, Kirsten and {Halpern}, Mark and {Han}, Dongwon and
         {Hargrave}, Peter and {Hasselfield}, Matthew and {Helton}, Jakob M. and
         {Henderson}, Shawn and {Hensley}, Brandon and {Hill}, J. Colin and
         {Hilton}, Gene C. and {Hilton}, Matt and {Hincks}, Adam D. and
         {Hlo{\v{z}}ek}, Ren{\'e}e and {Ho}, Shuay-Pwu Patty and
         {Hubmayr}, Johannes and {Huffenberger}, Kevin M. and {Hughes}, John P. and
         {Infante}, Leopoldo and {Irwin}, Kent and {Jackson}, Rebecca and
         {Klein}, Jeff and {Knowles}, Kenda and {Koopman}, Brian and
         {Kosowsky}, Arthur and {Lakey}, Vincent and {Li}, Dale and
         {Li}, Yaqiong and {Li}, Zack and {Lokken}, Martine and
         {Louis}, Thibaut and {Lungu}, Marius and {MacInnis}, Amanda and
         {Madhavacheril}, Mathew and {Maldonado}, Felipe and
         {Mallaby-Kay}, Maya and {Marsden}, Danica and {McMahon}, Jeff and
         {Menanteau}, Felipe and {Moodley}, Kavilan and {Morton}, Tim and
         {Namikawa}, Toshiya and {Nati}, Federico and {Newburgh}, Laura and
         {Nibarger}, John P. and {Nicola}, Andrina and {Niemack}, Michael D. and
         {Nolta}, Michael R. and {Orlowski-Sherer}, John and {Page}, Lyman A. and
         {Pappas}, Christine G. and {Partridge}, Bruce and {Phakathi}, Phumlani and
         {Prince}, Heather and {Puddu}, Roberto and {Qu}, Frank J. and
         {Rivera}, Jesus and {Robertson}, Naomi and {Rojas}, Felipe and
         {Salatino}, Maria and {Schaan}, Emmanuel and {Schillaci}, Alessandro and
         {Sehgal}, Neelima and {Sherwin}, Blake D. and {Sierra}, Carlos and
         {Sievers}, Jon and {Sifon}, Cristobal and {Sikhosana}, Precious and
         {Simon}, Sara and {Spergel}, David N. and {Staggs}, Suzanne T. and
         {Stevens}, Jason and {Storer}, Emilie and {Sunder}, Dhaneshwar D. and
         {Switzer}, Eric R. and {Thorne}, Ben and {Thornton}, Robert and
         {Trac}, Hy and {Treu}, Jesse and {Tucker}, Carole and {Vale}, Leila R. and
         {Van Engelen}, Alexander and {Van Lanen}, Jeff and
         {Vavagiakis}, Eve M. and {Wagoner}, Kasey and {Wang}, Yuhan and
         {Ward}, Jonathan T. and {Wollack}, Edward J. and {Xu}, Zhilei and
         {Zago}, Fernando and {Zhu}, Ningfeng},
        title = "{The Atacama Cosmology Telescope: DR4 Maps and Cosmological Parameters}",
      journal = {arXiv e-prints},
     keywords = {Astrophysics - Cosmology and Nongalactic Astrophysics},
         year = 2020,
        month = jul,
          eid = {arXiv:2007.07288},
        pages = {arXiv:2007.07288},
archivePrefix = {arXiv},
       eprint = {2007.07288},
 primaryClass = {astro-ph.CO},
       adsurl = {https://ui.adsabs.harvard.edu/abs/2020arXiv200707288A},
      adsnote = {Provided by the SAO/NASA Astrophysics Data System}
}



@ARTICLE{bkp/constraints:2018,
       author = {{BICEP2 Collaboration} and {Keck Array Collaboration} and
         {Ade}, P.~A.~R. and {Ahmed}, Z. and {Aikin}, R.~W. and {Alexand
        er}, K.~D. and {Barkats}, D. and {Benton}, S.~J. and {Bischoff}, C.~A. and
         {Bock}, J.~J. and {Bowens-Rubin}, R. and {Brevik}, J.~A. and
         {Buder}, I. and {Bullock}, E. and {Buza}, V. and {Connors}, J. and
         {Cornelison}, J. and {Crill}, B.~P. and {Crumrine}, M. and
         {Dierickx}, M. and {Duband}, L. and {Dvorkin}, C. and
         {Filippini}, J.~P. and {Fliescher}, S. and {Grayson}, J. and
         {Hall}, G. and {Halpern}, M. and {Harrison}, S. and {Hildebrand
        t}, S.~R. and {Hilton}, G.~C. and {Hui}, H. and {Irwin}, K.~D. and
         {Kang}, J. and {Karkare}, K.~S. and {Karpel}, E. and {Kaufman}, J.~P. and
         {Keating}, B.~G. and {Kefeli}, S. and {Kernasovskiy}, S.~A. and
         {Kovac}, J.~M. and {Kuo}, C.~L. and {Larsen}, N.~A. and {Lau}, K. and
         {Leitch}, E.~M. and {Lueker}, M. and {Megerian}, K.~G. and
         {Moncelsi}, L. and {Namikawa}, T. and {Netterfield}, C.~B. and
         {Nguyen}, H.~T. and {O'Brient}, R. and {Ogburn}, R.~W. and
         {Palladino}, S. and {Pryke}, C. and {Racine}, B. and {Richter}, S. and
         {Schillaci}, A. and {Schwarz}, R. and {Sheehy}, C.~D. and
         {Soliman}, A. and {St. Germaine}, T. and {Staniszewski}, Z.~K. and
         {Steinbach}, B. and {Sudiwala}, R.~V. and {Teply}, G.~P. and
         {Thompson}, K.~L. and {Tolan}, J.~E. and {Tucker}, C. and
         {Turner}, A.~D. and {Umilt{\`a}}, C. and {Vieregg}, A.~G. and {Wand
        ui}, A. and {Weber}, A.~C. and {Wiebe}, D.~V. and {Willmert}, J. and
         {Wong}, C.~L. and {Wu}, W.~L.~K. and {Yang}, H. and {Yoon}, K.~W. and
         {Zhang}, C.},
        title = "{Constraints on Primordial Gravitational Waves Using Planck, WMAP, and New BICEP2/Keck Observations through the 2015 Season}",
      journal = {\prl},
     keywords = {Astrophysics - Cosmology and Nongalactic Astrophysics},
         year = 2018,
        month = nov,
       volume = {121},
       number = {22},
          eid = {221301},
        pages = {221301},
          doi = {10.1103/PhysRevLett.121.221301},
archivePrefix = {arXiv},
       eprint = {1810.05216},
 primaryClass = {astro-ph.CO},
       adsurl = {https://ui.adsabs.harvard.edu/abs/2018PhRvL.121v1301B},
      adsnote = {Provided by the SAO/NASA Astrophysics Data System}
}

@ARTICLE{vandenoord/etal:2016,
       author = {{van den Oord}, Aaron and {Dieleman}, Sander and {Zen}, Heiga and
         {Simonyan}, Karen and {Vinyals}, Oriol and {Graves}, Alex and
         {Kalchbrenner}, Nal and {Senior}, Andrew and {Kavukcuoglu}, Koray},
        title = "{WaveNet: A Generative Model for Raw Audio}",
      journal = {arXiv e-prints},
     keywords = {Computer Science - Sound, Computer Science - Machine Learning},
         year = 2016,
        month = sep,
          eid = {arXiv:1609.03499},
        pages = {arXiv:1609.03499},
archivePrefix = {arXiv},
       eprint = {1609.03499},
 primaryClass = {cs.SD},
       adsurl = {https://ui.adsabs.harvard.edu/abs/2016arXiv160903499V},
      adsnote = {Provided by the SAO/NASA Astrophysics Data System}
}

@ARTICLE{brock/etal:2018,
       author = {{Brock}, Andrew and {Donahue}, Jeff and {Simonyan}, Karen},
        title = "{Large Scale GAN Training for High Fidelity Natural Image Synthesis}",
      journal = {arXiv e-prints},
     keywords = {Computer Science - Machine Learning, Statistics - Machine Learning},
         year = 2018,
        month = sep,
          eid = {arXiv:1809.11096},
        pages = {arXiv:1809.11096},
archivePrefix = {arXiv},
       eprint = {1809.11096},
 primaryClass = {cs.LG},
       adsurl = {https://ui.adsabs.harvard.edu/abs/2018arXiv180911096B},
      adsnote = {Provided by the SAO/NASA Astrophysics Data System}
}

@ARTICLE{razavi/etal:2019,
       author = {{Razavi}, Ali and {van den Oord}, Aaron and {Vinyals}, Oriol},
        title = "{Generating Diverse High-Fidelity Images with VQ-VAE-2}",
      journal = {arXiv e-prints},
     keywords = {Computer Science - Machine Learning, Computer Science - Computer Vision and Pattern Recognition, Statistics - Machine Learning},
         year = 2019,
        month = jun,
          eid = {arXiv:1906.00446},
        pages = {arXiv:1906.00446},
archivePrefix = {arXiv},
       eprint = {1906.00446},
 primaryClass = {cs.LG},
       adsurl = {https://ui.adsabs.harvard.edu/abs/2019arXiv190600446R},
      adsnote = {Provided by the SAO/NASA Astrophysics Data System}
}


@ARTICLE{kingma/dhariwal:2018,
       author = {{Kingma}, Diederik P. and {Dhariwal}, Prafulla},
        title = "{Glow: Generative Flow with Invertible 1x1 Convolutions}",
      journal = {arXiv e-prints},
     keywords = {Statistics - Machine Learning, Computer Science - Artificial Intelligence, Computer Science - Machine Learning},
         year = 2018,
        month = jul,
          eid = {arXiv:1807.03039},
        pages = {arXiv:1807.03039},
archivePrefix = {arXiv},
       eprint = {1807.03039},
 primaryClass = {stat.ML},
       adsurl = {https://ui.adsabs.harvard.edu/abs/2018arXiv180703039K},
      adsnote = {Provided by the SAO/NASA Astrophysics Data System}
}

@ARTICLE{dinh/etal:2016,
       author = {{Dinh}, Laurent and {Sohl-Dickstein}, Jascha and {Bengio}, Samy},
        title = "{Density estimation using Real NVP}",
      journal = {arXiv e-prints},
     keywords = {Computer Science - Machine Learning, Computer Science - Artificial Intelligence, Computer Science - Neural and Evolutionary Computing, Statistics - Machine Learning},
         year = 2016,
        month = may,
          eid = {arXiv:1605.08803},
        pages = {arXiv:1605.08803},
archivePrefix = {arXiv},
       eprint = {1605.08803},
 primaryClass = {cs.LG},
       adsurl = {https://ui.adsabs.harvard.edu/abs/2016arXiv160508803D},
      adsnote = {Provided by the SAO/NASA Astrophysics Data System}
}

@ARTICLE{rezende/etal:2015,
       author = {{Jimenez Rezende}, Danilo and {Mohamed}, Shakir},
        title = "{Variational Inference with Normalizing Flows}",
      journal = {arXiv e-prints},
     keywords = {Statistics - Machine Learning, Computer Science - Artificial Intelligence, Computer Science - Machine Learning, Statistics - Computation, Statistics - Methodology},
         year = 2015,
        month = may,
          eid = {arXiv:1505.05770},
        pages = {arXiv:1505.05770},
archivePrefix = {arXiv},
       eprint = {1505.05770},
 primaryClass = {stat.ML},
       adsurl = {https://ui.adsabs.harvard.edu/abs/2015arXiv150505770J},
      adsnote = {Provided by the SAO/NASA Astrophysics Data System}
}

@ARTICLE{dinh/etal:2014,
       author = {{Dinh}, Laurent and {Krueger}, David and {Bengio}, Yoshua},
        title = "{NICE: Non-linear Independent Components Estimation}",
      journal = {arXiv e-prints},
     keywords = {Computer Science - Machine Learning},
         year = 2014,
        month = oct,
          eid = {arXiv:1410.8516},
        pages = {arXiv:1410.8516},
archivePrefix = {arXiv},
       eprint = {1410.8516},
 primaryClass = {cs.LG},
       adsurl = {https://ui.adsabs.harvard.edu/abs/2014arXiv1410.8516D},
      adsnote = {Provided by the SAO/NASA Astrophysics Data System}
}

@ARTICLE{vandenoord/etal:2016b,
       author = {{van den Oord}, Aaron and {Kalchbrenner}, Nal and {Kavukcuoglu}, Koray},
        title = "{Pixel Recurrent Neural Networks}",
      journal = {arXiv e-prints},
     keywords = {Computer Science - Computer Vision and Pattern Recognition, Computer Science - Machine Learning, Computer Science - Neural and Evolutionary Computing},
         year = 2016,
        month = jan,
          eid = {arXiv:1601.06759},
        pages = {arXiv:1601.06759},
archivePrefix = {arXiv},
       eprint = {1601.06759},
 primaryClass = {cs.CV},
       adsurl = {https://ui.adsabs.harvard.edu/abs/2016arXiv160106759V},
      adsnote = {Provided by the SAO/NASA Astrophysics Data System}
}

@ARTICLE{aylor/etal:2019,
       author = {{Aylor}, K. and {Haq}, M. and {Knox}, L. and {Hezaveh}, Y. and
         {Perreault-Levasseur}, L.},
        title = "{Cleaning our own Dust: Simulating and Separating Galactic Dust Foregrounds with Neural Networks}",
      journal = {arXiv e-prints},
     keywords = {Astrophysics - Instrumentation and Methods for Astrophysics, Electrical Engineering and Systems Science - Image and Video Processing},
         year = 2019,
        month = sep,
          eid = {arXiv:1909.06467},
        pages = {arXiv:1909.06467},
archivePrefix = {arXiv},
       eprint = {1909.06467},
 primaryClass = {astro-ph.IM},
       adsurl = {https://ui.adsabs.harvard.edu/abs/2019arXiv190906467A},
      adsnote = {Provided by the SAO/NASA Astrophysics Data System}
}

@article{imagenet,
Author = {Olga Russakovsky and Jia Deng and Hao Su and Jonathan Krause and Sanjeev Satheesh and Sean Ma and Zhiheng Huang and Andrej Karpathy and Aditya Khosla and Michael Bernstein and Alexander C. Berg and Li Fei-Fei},
Title = {{ImageNet Large Scale Visual Recognition Challenge}},
Year = {2015},
journal   = {International Journal of Computer Vision (IJCV)},
doi = {10.1007/s11263-015-0816-y},
volume={115},
number={3},
pages={211-252}
}

@ARTICLE{mustafa/etal:2019,
       author = {{Mustafa}, Mustafa and {Bard}, Deborah and {Bhimji}, Wahid and
         {Luki{\'c}}, Zarija and {Al-Rfou}, Rami and {Kratochvil}, Jan M.},
        title = "{CosmoGAN: creating high-fidelity weak lensing convergence maps using Generative Adversarial Networks}",
      journal = {Computational Astrophysics and Cosmology},
     keywords = {Weak lensing convergence maps, Generative models, Generative Adversarial Networks, Deep learning, Machine learning, Astrophysics - Instrumentation and Methods for Astrophysics, Computer Science - Machine Learning},
         year = 2019,
        month = may,
       volume = {6},
       number = {1},
          eid = {1},
        pages = {1},
          doi = {10.1186/s40668-019-0029-9},
archivePrefix = {arXiv},
       eprint = {1706.02390},
 primaryClass = {astro-ph.IM},
       adsurl = {https://ui.adsabs.harvard.edu/abs/2019ComAC...6....1M},
      adsnote = {Provided by the SAO/NASA Astrophysics Data System}
}

@ARTICLE{rodriguez/etal:2018,
       author = {{Rodr{\'\i}guez}, Andres C. and {Kacprzak}, Tomasz and
         {Lucchi}, Aurelien and {Amara}, Adam and {Sgier}, Rapha{\"e}l and
         {Fluri}, Janis and {Hofmann}, Thomas and {R{\'e}fr{\'e}gier}, Alexandre},
        title = "{Fast cosmic web simulations with generative adversarial networks}",
      journal = {Computational Astrophysics and Cosmology},
     keywords = {Methods: numerical, Cosmology, Large-scale structure of Universe, Astrophysics - Cosmology and Nongalactic Astrophysics, Statistics - Machine Learning},
         year = 2018,
        month = nov,
       volume = {5},
       number = {1},
          eid = {4},
        pages = {4},
          doi = {10.1186/s40668-018-0026-4},
archivePrefix = {arXiv},
       eprint = {1801.09070},
 primaryClass = {astro-ph.CO},
       adsurl = {https://ui.adsabs.harvard.edu/abs/2018ComAC...5....4R},
      adsnote = {Provided by the SAO/NASA Astrophysics Data System}
}

@misc{tensorflow,
title={ {TensorFlow}: Large-Scale Machine Learning on Heterogeneous Systems},
url={https://www.tensorflow.org/},
note={Software available from tensorflow.org},
author={
    Mart\'{\i}n~Abadi and
    Ashish~Agarwal and
    Paul~Barham and
    Eugene~Brevdo and
    Zhifeng~Chen and
    Craig~Citro and
    Greg~S.~Corrado and
    Andy~Davis and
    Jeffrey~Dean and
    Matthieu~Devin and
    Sanjay~Ghemawat and
    Ian~Goodfellow and
    Andrew~Harp and
    Geoffrey~Irving and
    Michael~Isard and
    Yangqing Jia and
    Rafal~Jozefowicz and
    Lukasz~Kaiser and
    Manjunath~Kudlur and
    Josh~Levenberg and
    Dandelion~Man\'{e} and
    Rajat~Monga and
    Sherry~Moore and
    Derek~Murray and
    Chris~Olah and
    Mike~Schuster and
    Jonathon~Shlens and
    Benoit~Steiner and
    Ilya~Sutskever and
    Kunal~Talwar and
    Paul~Tucker and
    Vincent~Vanhoucke and
    Vijay~Vasudevan and
    Fernanda~Vi\'{e}gas and
    Oriol~Vinyals and
    Pete~Warden and
    Martin~Wattenberg and
    Martin~Wicke and
    Yuan~Yu and
    Xiaoqiang~Zheng},
  year={2015},
}

@INPROCEEDINGS{hui/etal:2018,
       author = {{Hui}, Howard and {Ade}, P.~A.~R. and {Ahmed}, Z. and {Aikin}, R.~W. and {Alexander}, K.~D. and {Barkats}, D. and {Benton}, S.~J. and {Bischoff}, C.~A. and {Bock}, J.~J. and {Bowens-Rubin}, R. and {Brevik}, J.~A. and {Buder}, I. and {Bullock}, E. and {Buza}, V. and {Connors}, J. and {Cornelison}, J. and {Crill}, B.~P. and {Crumrine}, M. and {Dierickx}, M. and {Duband}, L. and {Dvorkin}, C. and {Filippini}, J.~P. and {Fliescher}, S. and {Grayson}, J. and {Hall}, G. and {Halpern}, M. and {Harrison}, S. and {Hildebrandt}, S.~R. and {Hilton}, G.~C. and {Irwin}, K.~D. and {Kang}, J. and {Karkare}, K.~S. and {Karpel}, E. and {Kaufman}, J.~P. and {Keating}, B.~G. and {Kefeli}, S. and {Kernasovskiy}, S.~A. and {Kovac}, J.~M. and {Kuo}, C. -L. and {Lau}, K. and {Larsen}, N.~A. and {Leitch}, E.~M. and {Lueker}, M. and {Megerian}, K.~G. and {Moncelsi}, L. and {Namikawa}, T. and {Netterfield}, C.~B. and {Nguyen}, H.~T. and {O'Brient}, R. and {Ogburn}, R.~W. and {Palladino}, S. and {Pryke}, C. and {Racine}, B. and {Richter}, S. and {Schwarz}, R. and {Schillaci}, A. and {Sheehy}, C.~D. and {Soliman}, A. and {St. Germaine}, T. and {Staniszewski}, Z.~K. and {Steinbach}, B. and {Sudiwala}, R.~V. and {Teply}, G.~P. and {Thompson}, K.~L. and {Tolan}, J.~E. and {Tucker}, C. and {Turner}, A.~D. and {Umilt{\`a}}, C. and {Vieregg}, A.~G. and {Wandui}, A. and {Weber}, A.~C. and {Wiebe}, D.~V. and {Willmert}, J. and {Wong}, C.~L. and {Wu}, W.~L.~K. and {Yang}, E. and {Yoon}, K.~W. and {Zhang}, C.},
        title = "{BICEP Array: a multi-frequency degree-scale CMB polarimeter}",
     keywords = {Astrophysics - Instrumentation and Methods for Astrophysics, Astrophysics - Cosmology and Nongalactic Astrophysics},
    booktitle = {Millimeter, Submillimeter, and Far-Infrared Detectors and Instrumentation for Astronomy IX},
         year = 2018,
       editor = {{Zmuidzinas}, Jonas and {Gao}, Jian-Rong},
       series = {Society of Photo-Optical Instrumentation Engineers (SPIE) Conference Series},
       volume = {10708},
        month = jul,
          eid = {1070807},
        pages = {1070807},
          doi = {10.1117/12.2311725},
archivePrefix = {arXiv},
       eprint = {1808.00568},
 primaryClass = {astro-ph.IM},
       adsurl = {https://ui.adsabs.harvard.edu/abs/2018SPIE10708E..07H},
      adsnote = {Provided by the SAO/NASA Astrophysics Data System}
}



@ARTICLE{sogoals:2019,
       author = {{Ade}, Peter and {Aguirre}, James and {Ahmed}, Zeeshan and
         {Aiola}, Simone and {Ali}, Aamir and {Alonso}, David and
         {Alvarez}, Marcelo A. and {Arnold}, Kam and {Ashton}, Peter and
         {Austermann}, Jason and {Awan}, Humna and {Baccigalupi}, Carlo and
         {Baildon}, Taylor and {Barron}, Darcy and {Battaglia}, Nick and
         {Battye}, Richard and {Baxter}, Eric and {Bazarko}, Andrew and
         {Beall}, James A. and {Bean}, Rachel and {Beck}, Dominic and
         {Beckman}, Shawn and {Beringue}, Benjamin and {Bianchini}, Federico and
         {Boada}, Steven and {Boettger}, David and {Bond}, J. Richard and
         {Borrill}, Julian and {Brown}, Michael L. and {Bruno}, Sarah Marie and
         {Bryan}, Sean and {Calabrese}, Erminia and {Calafut}, Victoria and
         {Calisse}, Paolo and {Carron}, Julien and {Challinor}, Anthony and
         {Chesmore}, Grace and {Chinone}, Yuji and {Chluba}, Jens and
         {Cho}, Hsiao-Mei Sherry and {Choi}, Steve and {Coppi}, Gabriele and
         {Cothard}, Nicholas F. and {Coughlin}, Kevin and {Crichton}, Devin and
         {Crowley}, Kevin D. and {Crowley}, Kevin T. and {Cukierman}, Ari and
         {D'Ewart}, John M. and {D{\"u}nner}, Rolando and {de Haan}, Tijmen and
         {Devlin}, Mark and {Dicker}, Simon and {Didier}, Joy and {Dobbs}, Matt and
         {Dober}, Bradley and {Duell}, Cody J. and {Duff}, Shannon and
         {Duivenvoorden}, Adri and {Dunkley}, Jo and {Dusatko}, John and
         {Errard}, Josquin and {Fabbian}, Giulio and {Feeney}, Stephen and
         {Ferraro}, Simone and {Flux{\`a}}, Pedro and {Freese}, Katherine and
         {Frisch}, Josef C. and {Frolov}, Andrei and {Fuller}, George and
         {Fuzia}, Brittany and {Galitzki}, Nicholas and {Gallardo}, Patricio A. and
         {Tomas Galvez Ghersi}, Jose and {Gao}, Jiansong and {Gawiser}, Eric and
         {Gerbino}, Martina and {Gluscevic}, Vera and {Goeckner-Wald}, Neil and
         {Golec}, Joseph and {Gordon}, Sam and {Gralla}, Megan and
         {Green}, Daniel and {Grigorian}, Arpi and {Groh}, John and
         {Groppi}, Chris and {Guan}, Yilun and {Gudmundsson}, Jon E. and
         {Han}, Dongwon and {Hargrave}, Peter and {Hasegawa}, Masaya and
         {Hasselfield}, Matthew and {Hattori}, Makoto and {Haynes}, Victor and
         {Hazumi}, Masashi and {He}, Yizhou and {Healy}, Erin and
         {Henderson}, Shawn W. and {Hervias-Caimapo}, Carlos and
         {Hill}, Charles A. and {Hill}, J. Colin and {Hilton}, Gene and
         {Hilton}, Matt and {Hincks}, Adam D. and {Hinshaw}, Gary and
         {Hlo{\v{z}}ek}, Ren{\'e}e and {Ho}, Shirley and {Ho}, Shuay-Pwu Patty and
         {Howe}, Logan and {Huang}, Zhiqi and {Hubmayr}, Johannes and
         {Huffenberger}, Kevin and {Hughes}, John P. and {Ijjas}, Anna and
         {Ikape}, Margaret and {Irwin}, Kent and {Jaffe}, Andrew H. and
         {Jain}, Bhuvnesh and {Jeong}, Oliver and {Kaneko}, Daisuke and
         {Karpel}, Ethan D. and {Katayama}, Nobuhiko and {Keating}, Brian and
         {Kernasovskiy}, Sarah S. and {Keskitalo}, Reijo and {Kisner}, Theodore and
         {Kiuchi}, Kenji and {Klein}, Jeff and {Knowles}, Kenda and
         {Koopman}, Brian and {Kosowsky}, Arthur and
         {Krachmalnicoff}, Nicoletta and {Kuenstner}, Stephen E. and
         {Kuo}, Chao-Lin and {Kusaka}, Akito and {Lashner}, Jacob and
         {Lee}, Adrian and {Lee}, Eunseong and {Leon}, David and
         {Leung}, Jason S. -Y. and {Lewis}, Antony and {Li}, Yaqiong and
         {Li}, Zack and {Limon}, Michele and {Linder}, Eric and
         {Lopez-Caraballo}, Carlos and {Louis}, Thibaut and {Lowry}, Lindsay and
         {Lungu}, Marius and {Madhavacheril}, Mathew and {Mak}, Daisy and
         {Maldonado}, Felipe and {Mani}, Hamdi and {Mates}, Ben and
         {Matsuda}, Frederick and {Maurin}, Lo{\"\i}c and {Mauskopf}, Phil and
         {May}, Andrew and {McCallum}, Nialh and {McKenney}, Chris and
         {McMahon}, Jeff and {Meerburg}, P. Daniel and {Meyers}, Joel and
         {Miller}, Amber and {Mirmelstein}, Mark and {Moodley}, Kavilan and
         {Munchmeyer}, Moritz and {Munson}, Charles and {Naess}, Sigurd and
         {Nati}, Federico and {Navaroli}, Martin and {Newburgh}, Laura and
         {Nguyen}, Ho Nam and {Niemack}, Michael and {Nishino}, Haruki and
         {Orlowski-Scherer}, John and {Page}, Lyman and {Partridge}, Bruce and
         {Peloton}, Julien and {Perrotta}, Francesca and {Piccirillo}, Lucio and
         {Pisano}, Giampaolo and {Poletti}, Davide and {Puddu}, Roberto and
         {Puglisi}, Giuseppe and {Raum}, Chris and {Reichardt}, Christian L. and
         {Remazeilles}, Mathieu and {Rephaeli}, Yoel and {Riechers}, Dominik and
         {Rojas}, Felipe and {Roy}, Anirban and {Sadeh}, Sharon and
         {Sakurai}, Yuki and {Salatino}, Maria and {Sathyanarayana Rao}, Mayuri and
         {Schaan}, Emmanuel and {Schmittfull}, Marcel and {Sehgal}, Neelima and
         {Seibert}, Joseph and {Seljak}, Uros and {Sherwin}, Blake and
         {Shimon}, Meir and {Sierra}, Carlos and {Sievers}, Jonathan and
         {Sikhosana}, Precious and {Silva-Feaver}, Maximiliano and
         {Simon}, Sara M. and {Sinclair}, Adrian and {Siritanasak}, Praween and
         {Smith}, Kendrick and {Smith}, Stephen R. and {Spergel}, David and
         {Staggs}, Suzanne T. and {Stein}, George and {Stevens}, Jason R. and
         {Stompor}, Radek and {Suzuki}, Aritoki and {Tajima}, Osamu and
         {Takakura}, Satoru and {Teply}, Grant and {Thomas}, Daniel B. and
         {Thorne}, Ben and {Thornton}, Robert and {Trac}, Hy and {Tsai}, Calvin and
         {Tucker}, Carole and {Ullom}, Joel and {Vagnozzi}, Sunny and
         {van Engelen}, Alexander and {Van Lanen}, Jeff and
         {Van Winkle}, Daniel D. and {Vavagiakis}, Eve M. and
         {Verg{\`e}s}, Clara and {Vissers}, Michael and {Wagoner}, Kasey and
         {Walker}, Samantha and {Ward}, Jon and {Westbrook}, Ben and
         {Whitehorn}, Nathan and {Williams}, Jason and {Williams}, Joel and
         {Wollack}, Edward J. and {Xu}, Zhilei and {Yu}, Byeonghee and
         {Yu}, Cyndia and {Zago}, Fernando and {Zhang}, Hezi and
         {Zhu}, Ningfeng and {Simons Observatory Collaboration}},
        title = "{The Simons Observatory: science goals and forecasts}",
      journal = {\jcap},
     keywords = {Astrophysics - Cosmology and Nongalactic Astrophysics},
         year = 2019,
        month = feb,
       volume = {2019},
       number = {2},
          eid = {056},
        pages = {056},
          doi = {10.1088/1475-7516/2019/02/056},
archivePrefix = {arXiv},
       eprint = {1808.07445},
 primaryClass = {astro-ph.CO},
       adsurl = {https://ui.adsabs.harvard.edu/abs/2019JCAP...02..056A},
      adsnote = {Provided by the SAO/NASA Astrophysics Data System}
}




@inproceedings{benson/etal:2014,
author = {B. A. Benson and P. A. R. Ade and Z. Ahmed and S. W. Allen and K. Arnold and J. E. Austermann and A. N. Bender and L. E. Bleem and J. E. Carlstrom and C. L. Chang and H. M. Cho and J. F. Cliche and T. M. Crawford and A. Cukierman and T. de Haan and M. A. Dobbs and D. Dutcher and W. Everett and A. Gilbert and N. W. Halverson and D. Hanson and N. L. Harrington and K. Hattori and J. W. Henning and G. C. Hilton and G. P. Holder and W. L. Holzapfel and K. D. Irwin and R. Keisler and L. Knox and D. Kubik and C. L. Kuo and A. T. Lee and E. M. Leitch and D. Li and M. McDonald and S. S. Meyer and J. Montgomery and M. Myers and T. Natoli and H. Nguyen and V. Novosad and S. Padin and Z. Pan and J. Pearson and C. Reichardt and J. E. Ruhl and B. R. Saliwanchik and G. Simard and G. Smecher and J. T. Sayre and E. Shirokoff and A. A. Stark and K. Story and A. Suzuki and K. L. Thompson and C. Tucker and K. Vanderlinde and J. D. Vieira and A. Vikhlinin and G. Wang and V. Yefremenko and K. W. Yoon},
title = {{SPT-3G: a next-generation cosmic microwave background polarization experiment on the South Pole telescope}},
volume = {9153},
booktitle = {Millimeter, Submillimeter, and Far-Infrared Detectors and Instrumentation for Astronomy VII},
editor = {Wayne S. Holland and Jonas Zmuidzinas},
organization = {International Society for Optics and Photonics},
series={},
publisher = {SPIE},
pages = {552 -- 572},
keywords = {polarization, gravitional lensing, inflation, B-modes, transition-edge sensors, bolometer, cosmic microwave background, neutrino mass},
year = {2014},
doi = {10.1117/12.2057305},
URL = {https://doi.org/10.1117/12.2057305}
}

@ARTICLE{cmbs4,
       author = {{Abitbol}, Maximilian H. and {Ahmed}, Zeeshan and {Barron}, Darcy and
         {Basu Thakur}, Ritoban and {Bender}, Amy N. and {Benson}, Bradford A. and
         {Bischoff}, Colin A. and {Bryan}, Sean A. and {Carlstrom}, John E. and
         {Chang}, Clarence L. and {Chuss}, David T. and {Crowley}, Kevin T. and
         {Cukierman}, Ari and {de Haan}, Tijmen and {Dobbs}, Matt and
         {Essinger-Hileman}, Tom and {Filippini}, Jeffrey P. and {Ganga}, Ken and
         {Gudmundsson}, Jon E. and {Halverson}, Nils W. and {Hanany}, Shaul and
         {Henderson}, Shawn W. and {Hill}, Charles A. and {Ho}, Shuay-Pwu P. and
         {Hubmayr}, Johannes and {Irwin}, Kent and {Jeong}, Oliver and
         {Johnson}, Bradley R. and {Kernasovskiy}, Sarah A. and
         {Kovac}, John M. and {Kusaka}, Akito and {Lee}, Adrian T. and
         {Maria}, Salatino and {Mauskopf}, Philip and {McMahon}, Jeff J. and
         {Moncelsi}, Lorenzo and {Nadolski}, Andrew W. and {Nagy}, Johanna M. and
         {Niemack}, Michael D. and {O'Brient}, Roger C. and {Padin}, Stephen and
         {Parshley}, Stephen C. and {Pryke}, Clement and {Roe}, Natalie A. and
         {Rostem}, Karwan and {Ruhl}, John and {Simon}, Sara M. and
         {Staggs}, Suzanne T. and {Suzuki}, Aritoki and {Switzer}, Eric R. and
         {Tajima}, Osamu and {Thompson}, Keith L. and {Timbie}, Peter and
         {Tucker}, Gregory S. and {Vieira}, Joaquin D. and
         {Vieregg}, Abigail G. and {Westbrook}, Benjamin and
         {Wollack}, Edward J. and {Yoon}, Ki Won and {Young}, Karl S. and
         {Young}, Edward Y.},
        title = "{CMB-S4 Technology Book, First Edition}",
      journal = {arXiv e-prints},
     keywords = {Astrophysics - Instrumentation and Methods for Astrophysics},
         year = 2017,
        month = jun,
          eid = {arXiv:1706.02464},
        pages = {arXiv:1706.02464},
archivePrefix = {arXiv},
       eprint = {1706.02464},
 primaryClass = {astro-ph.IM},
       adsurl = {https://ui.adsabs.harvard.edu/abs/2017arXiv170602464A},
      adsnote = {Provided by the SAO/NASA Astrophysics Data System}
}

@INPROCEEDINGS{cmbs4/decadal:2019,
       author = {{Carlstrom}, John and {Abazajian}, Kevork and {Addison}, Graeme and
         {Adshead}, Peter and {Ahmed}, Zeeshan and {Allen}, Steven W. and
         {Alonso}, David and {Alvarez}, Marcelo and {Anderson}, Adam and
         {Arnold}, Kam S. and {Baccigalupi}, Carlo and {Bailey}, Kathy and
         {Barkats}, Denis and {Barron}, Darcy and {Barry}, Peter S. and
         {Bartlett}, James G. and {Basu Thakur}, Ritoban and
         {Battaglia}, Nicholas and {Baxter}, Eric and {Bean}, Rachel and
         {Bebek}, Chris and {Bender}, Amy N. and {Benson}, Bradford A. and
         {Berger}, Edo and {Bhimani}, Sanah and {Bischoff}, Colin A. and
         {Bleem}, Lindsey and {Bocquet}, Sebastian and {Boddy}, Kimberly and
         {Bonato}, Matteo and {Bond}, J. Richard and {Borrill}, Julian and
         {Bouchet}, Fran{\c{c}}ois R. and {Brown}, Michael L. and {Bryan}, Sean and
         {Burkhart}, Blakesley and {Buza}, Victor and {Byrum}, Karen and
         {Calabrese}, Erminia and {Calafut}, Victoria and {Caldwell}, Robert and
         {Carlstrom}, John E. and {Carron}, Julien and {Cecil}, Thomas and
         {Challinor}, Anthony and {Chang}, Clarence L. and {Chinone}, Yuji and
         {Cho}, Hsiao-Mei Sherry and {Cooray}, Asantha and
         {Crawford}, Thomas M. and {Crites}, Abigail and {Cukierman}, Ari and
         {Cyr-Racine}, Francis-Yan and {de Haan}, Tijmen and
         {de Zotti}, Gianfranco and {Delabrouille}, Jacques and
         {Demarteau}, Marcel and {Devlin}, Mark and {Di Valentino}, Eleonora and
         {Dobbs}, Matt and {Duff}, Shannon and {Duivenvoorden}, Adriaan and
         {Dvorkin}, Cora and {Edwards}, William and {Eimer}, Joseph and
         {Errard}, Josquin and {Essinger-Hileman}, Thomas and {Fabbian}, Giulio and
         {Feng}, Chang and {Ferraro}, Simone and {Filippini}, Jeffrey P. and
         {Flauger}, Raphael and {Flaugher}, Brenna and {Fraisse}, Aurelien A. and
         {Frolov}, Andrei and {Galitzki}, Nicholas and {Galli}, Silvia and
         {Ganga}, Ken and {Gerbino}, Martina and {Gilchriese}, Murdock and
         {Gluscevic}, Vera and {Green}, Daniel and {Grin}, Daniel and
         {Grohs}, Evan and {Gualtieri}, Riccardo and {Guarino}, Victor and
         {Gudmundsson}, Jon E. and {Habib}, Salman and {Haller}, Gunther and
         {Halpern}, Mark and {Halverson}, Nils W. and {Hanany}, Shaul and
         {Harrington}, Kathleen and {Hasegawa}, Masaya and
         {Hasselfield}, Matthew and {Hazumi}, Masashi and {Heitmann}, Katrin and
         {Henderson}, Shawn and {Henning}, Jason W. and {Hill}, J. Colin and
         {Hlo{\v{z}}ek}, Renee and {Holder}, Gil and {Holzapfel}, William and
         {Hubmayr}, Johannes and {Huffenberger}, Kevin M. and {Huffer}, Michael and
         {Hui}, Howard and {Irwin}, Kent and {Johnson}, Bradley R. and
         {Johnstone}, Doug and {Jones}, William C. and {Karkare}, Kirit and
         {Katayama}, Nobuhiko and {Kerby}, James and {Kernovsky}, Sarah and
         {Keskitalo}, Reijo and {Kisner}, Theodore and {Knox}, Lloyd and
         {Kosowsky}, Arthur and {Kovac}, John and {Kovetz}, Ely D. and
         {Kuhlmann}, Steve and {Kuo}, Chao-lin and {Kurita}, Nadine and
         {Kusaka}, Akito and {Lahteenmaki}, Anne and {Lawrence}, Charles R. and
         {Lee}, Adrian T. and {Lewis}, Antony and {Li}, Dale and {Linder}, Eric and
         {Loverde}, Marilena and {Lowitz}, Amy and {Madhavacheril}, Mathew S. and
         {Mantz}, Adam and {Matsuda}, Frederick and {Mauskopf}, Philip and
         {McMahon}, Jeff and {Meerburg}, P. Daniel and {Melin}, JeanBaptiste and
         {Meyers}, Joel and {Millea}, Marius and {Mohr}, Joseph and
         {Moncelsi}, Lorenzo and {Mroczkowski}, Tony and {Mukherjee}, Suvodip and
         {Munchmeyer}, Moritz and {Nagai}, Daisuke and {Nagy}, Johanna and
         {Namikawa}, Toshiya and {Nati}, Federico and {Natoli}, Tyler and
         {Negrello}, Mattia and {Newburgh}, Laura and {Niemack}, Michael D. and
         {Nishino}, Haruki and {Nordby}, Martin and {Novosad}, Valentine and
         {O'Connor}, Paul and {Obied}, Georges and {Padin}, Stephen and {Pand
        ey}, Shivam and {Partridge}, Bruce and {Pierpaoli}, Elena and
         {Pogosian}, Levon and {Pryke}, Clement and {Puglisi}, Giuseppe and
         {Racine}, Benjamin and {Raghunathan}, Srinivasan and {Rahlin}, Alexand
        ra and {Rajagopalan}, Srini and {Raveri}, Marco and
         {Reichanadter}, Mark and {Reichardt}, Christian L. and
         {Remazeilles}, Mathieu and {Rocha}, Graca and {Roe}, Natalie A. and
         {Roy}, Anirban and {Ruhl}, John and {Salatino}, Maria and
         {Saliwanchik}, Benjamin and {Schaan}, Emmanuel and {Schillaci}, Alessand
        ro and {Schmittfull}, Marcel M. and {Scott}, Douglas and
         {Sehgal}, Neelima and {Shandera}, Sarah and {Sheehy}, Christopher and
         {Sherwin}, Blake D. and {Shirokoff}, Erik and {Simon}, Sara M. and
         {Slosar}, Anze and {Somerville}, Rachel and {Staggs}, Suzanne T. and
         {Stark}, Antony and {Stompor}, Radek and {Story}, Kyle T. and
         {Stoughton}, Chris and {Suzuki}, Aritoki and {Tajima}, Osamu and
         {Teply}, Grant P. and {Thompson}, Keith and {Timbie}, Peter and
         {Tomasi}, Maurizio and {Treu}, Jesse I. and {Tristram}, Matthieu and
         {Tucker}, Gregory and {Umilta}, Caterina and {van Engelen}, Alexander and
         {Vieira}, Joaquin D. and {Vieregg}, Abigail G. and
         {Vogelsberger}, Mark and {Wang}, Gensheng and {Watson}, Scott and
         {White}, Martin and {Whitehorn}, Nathan and {Wollack}, Edward J. and
         {Wu}, W.~L. Kimmy and {Xu}, Zhilei and {Yasini}, Siavash and
         {Yeck}, James and {Yoon}, Ki Won and {Young}, Edward and
         {Zonca}, Andrea},
        title = "{CMB-S4}",
     keywords = {Astrophysics - Instrumentation and Methods for Astrophysics, Astrophysics - Astrophysics of Galaxies},
    booktitle = {Bulletin of the American Astronomical Society},
         year = 2019,
       volume = {51},
        month = sep,
          eid = {209},
        pages = {209},
archivePrefix = {arXiv},
       eprint = {1908.01062},
 primaryClass = {astro-ph.IM},
       adsurl = {https://ui.adsabs.harvard.edu/abs/2019BAAS...51g.209C},
      adsnote = {Provided by the SAO/NASA Astrophysics Data System}
}


@INPROCEEDINGS{biceparray:2018,
       author = {{Hui}, Howard and {Ade}, P.~A.~R. and {Ahmed}, Z. and {Aikin}, R.~W. and
         {Alexander}, K.~D. and {Barkats}, D. and {Benton}, S.~J. and
         {Bischoff}, C.~A. and {Bock}, J.~J. and {Bowens-Rubin}, R. and
         {Brevik}, J.~A. and {Buder}, I. and {Bullock}, E. and {Buza}, V. and
         {Connors}, J. and {Cornelison}, J. and {Crill}, B.~P. and
         {Crumrine}, M. and {Dierickx}, M. and {Duband}, L. and {Dvorkin}, C. and
         {Filippini}, J.~P. and {Fliescher}, S. and {Grayson}, J. and
         {Hall}, G. and {Halpern}, M. and {Harrison}, S. and {Hildebrand
        t}, S.~R. and {Hilton}, G.~C. and {Irwin}, K.~D. and {Kang}, J. and
         {Karkare}, K.~S. and {Karpel}, E. and {Kaufman}, J.~P. and
         {Keating}, B.~G. and {Kefeli}, S. and {Kernasovskiy}, S.~A. and
         {Kovac}, J.~M. and {Kuo}, C. -L. and {Lau}, K. and {Larsen}, N.~A. and
         {Leitch}, E.~M. and {Lueker}, M. and {Megerian}, K.~G. and
         {Moncelsi}, L. and {Namikawa}, T. and {Netterfield}, C.~B. and
         {Nguyen}, H.~T. and {O'Brient}, R. and {Ogburn}, R.~W. and
         {Palladino}, S. and {Pryke}, C. and {Racine}, B. and {Richter}, S. and
         {Schwarz}, R. and {Schillaci}, A. and {Sheehy}, C.~D. and
         {Soliman}, A. and {St. Germaine}, T. and {Staniszewski}, Z.~K. and
         {Steinbach}, B. and {Sudiwala}, R.~V. and {Teply}, G.~P. and
         {Thompson}, K.~L. and {Tolan}, J.~E. and {Tucker}, C. and
         {Turner}, A.~D. and {Umilt{\`a}}, C. and {Vieregg}, A.~G. and {Wand
        ui}, A. and {Weber}, A.~C. and {Wiebe}, D.~V. and {Willmert}, J. and
         {Wong}, C.~L. and {Wu}, W.~L.~K. and {Yang}, E. and {Yoon}, K.~W. and
         {Zhang}, C.},
        title = "{BICEP Array: a multi-frequency degree-scale CMB polarimeter}",
     keywords = {Astrophysics - Instrumentation and Methods for Astrophysics, Astrophysics - Cosmology and Nongalactic Astrophysics},
    booktitle = {Millimeter, Submillimeter, and Far-Infrared Detectors and Instrumentation for Astronomy IX},
         year = 2018,
       series = {Society of Photo-Optical Instrumentation Engineers (SPIE) Conference Series},
       volume = {10708},
        month = jul,
          eid = {1070807},
        pages = {1070807},
          doi = {10.1117/12.2311725},
archivePrefix = {arXiv},
       eprint = {1808.00568},
 primaryClass = {astro-ph.IM},
       adsurl = {https://ui.adsabs.harvard.edu/abs/2018SPIE10708E..07H},
      adsnote = {Provided by the SAO/NASA Astrophysics Data System}
}

@ARTICLE{bohm/seljak:2019,
       author = {{B{\"o}hm}, Vanessa and {Lanusse}, Fran{\c{c}}ois and
         {Seljak}, Uro{\v{s}}},
        title = "{Uncertainty Quantification with Generative Models}",
      journal = {arXiv e-prints},
     keywords = {Statistics - Machine Learning, Astrophysics - Cosmology and Nongalactic Astrophysics, Computer Science - Machine Learning},
         year = 2019,
        month = oct,
          eid = {arXiv:1910.10046},
        pages = {arXiv:1910.10046},
archivePrefix = {arXiv},
       eprint = {1910.10046},
 primaryClass = {stat.ML},
       adsurl = {https://ui.adsabs.harvard.edu/abs/2019arXiv191010046B},
      adsnote = {Provided by the SAO/NASA Astrophysics Data System}
}



@ARTICLE{puglisi/bai:2020,
       author = {{Puglisi}, Giuseppe and {Bai}, Xiran},
        title = "{Inpainting Galactic Foreground Intensity and Polarization maps using Convolutional Neural Network}",
      journal = {arXiv e-prints},
     keywords = {Astrophysics - Cosmology and Nongalactic Astrophysics},
         year = 2020,
        month = mar,
          eid = {arXiv:2003.13691},
        pages = {arXiv:2003.13691},
archivePrefix = {arXiv},
       eprint = {2003.13691},
 primaryClass = {astro-ph.CO},
       adsurl = {https://ui.adsabs.harvard.edu/abs/2020arXiv200313691P},
      adsnote = {Provided by the SAO/NASA Astrophysics Data System}
}


@article{bucher/etal:2016,
	doi = {10.1088/1475-7516/2016/05/055},
	url = {https://doi.org/10.1088%2F1475-7516%2F2016%2F05%2F055},
	year = 2016,
	month = {may},
	publisher = {{IOP} Publishing},
	volume = {2016},
	number = {05},
	pages = {055--055},
	author = {Martin Bucher and Benjamin Racine and Bartjan van Tent},
	title = {The binned bispectrum estimator: template-based and non-parametric {CMB} non-Gaussianity searches},
	journal = {Journal of Cosmology and Astroparticle Physics},
	abstract = {We describe the details of the binned bispectrum estimator as used for the official 2013 and 2015 analyses of the temperature and polarization CMB maps from the ESA Planck satellite. The defining aspect of this estimator is the determination of a map bispectrum (3-point correlation function) that has been binned in harmonic space. For a parametric determination of the non-Gaussianity in the map (the so-called fNL parameters), one takes the inner product of this binned bispectrum with theoretically motivated templates. However, as a complementary approach one can also smooth the binned bispectrum using a variable smoothing scale in order to suppress noise and make coherent features stand out above the noise. This allows one to look in a model-independent way for any statistically significant bispectral signal. This approach is useful for characterizing the bispectral shape of the galactic foreground emission, for which a theoretical prediction of the bispectral anisotropy is lacking, and for detecting a serendipitous primordial signal, for which a theoretical template has not yet been put forth. Both the template-based and the non-parametric approaches are described in this paper.}
}

@ARTICLE{bucher/louis:2012,
       author = {{Bucher}, Martin and {Louis}, Thibaut},
        title = "{Filling in cosmic microwave background map missing data using constrained Gaussian realizations}",
      journal = {\mnras},
     keywords = {methods: statistical, cosmic background radiation, Astrophysics - Cosmology and Nongalactic Astrophysics},
         year = 2012,
        month = aug,
       volume = {424},
       number = {3},
        pages = {1694-1713},
          doi = {10.1111/j.1365-2966.2012.21138.x},
archivePrefix = {arXiv},
       eprint = {1109.0286},
 primaryClass = {astro-ph.CO},
       adsurl = {https://ui.adsabs.harvard.edu/abs/2012MNRAS.424.1694B},
      adsnote = {Provided by the SAO/NASA Astrophysics Data System}
}

@ARTICLE{knox94,
       author = {{Knox}, Lloyd and {Turner}, Michael S.},
        title = "{Detectability of tensor perturbations through anisotropy of the cosmic background radiation}",
      journal = {\prl},
     keywords = {98.70.Vc, 98.80.Cq, 98.80.Es, Background radiations, Particle-theory and field-theory models of the early Universe, Observational cosmology, Astrophysics},
         year = 1994,
        month = dec,
       volume = {73},
       number = {25},
        pages = {3347-3350},
          doi = {10.1103/PhysRevLett.73.3347},
archivePrefix = {arXiv},
       eprint = {astro-ph/9407037},
 primaryClass = {astro-ph},
       adsurl = {https://ui.adsabs.harvard.edu/abs/1994PhRvL..73.3347K},
      adsnote = {Provided by the SAO/NASA Astrophysics Data System}
}

@ARTICLE{kamionkowski97,
       author = {{Kamionkowski}, Marc and {Kosowsky}, Arthur and {Stebbins}, Albert},
        title = "{A Probe of Primordial Gravity Waves and Vorticity}",
      journal = {\prl},
     keywords = {Astrophysics, High Energy Physics - Phenomenology},
         year = 1997,
        month = mar,
       volume = {78},
       number = {11},
        pages = {2058-2061},
          doi = {10.1103/PhysRevLett.78.2058},
archivePrefix = {arXiv},
       eprint = {astro-ph/9609132},
 primaryClass = {astro-ph},
       adsurl = {https://ui.adsabs.harvard.edu/abs/1997PhRvL..78.2058K},
      adsnote = {Provided by the SAO/NASA Astrophysics Data System}
}

@ARTICLE{seljak97,
       author = {{Seljak}, Uro{\v{s}} and {Zaldarriaga}, Matias},
        title = "{Signature of Gravity Waves in the Polarization of the Microwave Background}",
      journal = {\prl},
     keywords = {Astrophysics, General Relativity and Quantum Cosmology},
         year = 1997,
        month = mar,
       volume = {78},
       number = {11},
        pages = {2054-2057},
          doi = {10.1103/PhysRevLett.78.2054},
archivePrefix = {arXiv},
       eprint = {astro-ph/9609169},
 primaryClass = {astro-ph},
       adsurl = {https://ui.adsabs.harvard.edu/abs/1997PhRvL..78.2054S},
      adsnote = {Provided by the SAO/NASA Astrophysics Data System}
}

@ARTICLE{millea20a,
       author = {{Millea}, Marius and {Anderes}, Ethan and {Wandelt}, Benjamin D.},
        title = "{Bayesian delensing delight: sampling-based inference of the primordial CMB and gravitational lensing}",
      journal = {arXiv e-prints},
     keywords = {Astrophysics - Cosmology and Nongalactic Astrophysics},
         year = 2020,
        month = feb,
          eid = {arXiv:2002.00965},
        pages = {arXiv:2002.00965},
archivePrefix = {arXiv},
       eprint = {2002.00965},
 primaryClass = {astro-ph.CO},
       adsurl = {https://ui.adsabs.harvard.edu/abs/2020arXiv200200965M},
      adsnote = {Provided by the SAO/NASA Astrophysics Data System}
}

@ARTICLE{millea20b,
       author = {{Millea}, M. and {Daley}, C.~M. and {Chou}, T-L. and {Anderes}, E. and {Ade}, P.~A.~R. and {Anderson}, A.~J. and {Austermann}, J.~E. and {Avva}, J.~S. and {Beall}, J.~A. and {Bender}, A.~N. and {Benson}, B.~A. and {Bianchini}, F. and {Bleem}, L.~E. and {Carlstrom}, J.~E. and {Chang}, C.~L. and {Chaubal}, P. and {Chiang}, H.~C. and {Citron}, R. and {Corbett Moran}, C. and {Crawford}, T.~M. and {Crites}, A.~T. and {de Haan}, T. and {Dobbs}, M.~A. and {Everett}, W. and {Gallicchio}, J. and {George}, E.~M. and {Goeckner-Wald}, N. and {Guns}, S. and {Gupta}, N. and {Halverson}, N.~W. and {Henning}, J.~W. and {Hilton}, G.~C. and {Holder}, G.~P. and {Holzapfel}, W.~L. and {Hrubes}, J.~D. and {Huang}, N. and {Hubmayr}, J. and {Irwin}, K.~D. and {Knox}, L. and {Lee}, A.~T. and {Li}, D. and {Lowitz}, A. and {McMahon}, J.~J. and {Meyer}, S.~S. and {Mocanu}, L.~M. and {Montgomery}, J. and {Natoli}, T. and {Nibarger}, J.~P. and {Noble}, G. and {Novosad}, V. and {Omori}, Y. and {Padin}, S. and {Patil}, S. and {Pryke}, C. and {Reichardt}, C.~L. and {Ruhl}, J.~E. and {Saliwanchik}, B.~R. and {Schaffer}, K.~K. and {Sievers}, C. and {Smecher}, G. and {Stark}, A.~A. and {Thorne}, B. and {Tucker}, C. and {Veach}, T. and {Vieira}, J.~D. and {Wang}, G. and {Whitehorn}, N. and {Wu}, W.~L.~K. and {Yefremenko}, V.},
        title = "{Optimal CMB Lensing Reconstruction and Parameter Estimation with SPTpol Data}",
      journal = {arXiv e-prints},
     keywords = {Astrophysics - Cosmology and Nongalactic Astrophysics},
         year = 2020,
        month = dec,
          eid = {arXiv:2012.01709},
        pages = {arXiv:2012.01709},
archivePrefix = {arXiv},
       eprint = {2012.01709},
 primaryClass = {astro-ph.CO},
       adsurl = {https://ui.adsabs.harvard.edu/abs/2020arXiv201201709M},
      adsnote = {Provided by the SAO/NASA Astrophysics Data System}
}


@ARTICLE{kim/etal:2019,
       author = {{Kim}, Chang-Goo and {Choi}, Steve K. and {Flauger}, Raphael},
        title = "{Dust Polarization Maps from TIGRESS: E/B Power Asymmetry and TE Correlation}",
      journal = {\apj},
     keywords = {Computational methods, Interstellar dust, Interstellar magnetic fields, Interstellar medium, Magnetohydrodynamical simulations, Polarimetry, Astrophysics - Astrophysics of Galaxies, Astrophysics - Cosmology and Nongalactic Astrophysics},
         year = 2019,
        month = aug,
       volume = {880},
       number = {2},
          eid = {106},
        pages = {106},
          doi = {10.3847/1538-4357/ab29f2},
archivePrefix = {arXiv},
       eprint = {1901.07079},
 primaryClass = {astro-ph.GA},
       adsurl = {https://ui.adsabs.harvard.edu/abs/2019ApJ...880..106K},
      adsnote = {Provided by the SAO/NASA Astrophysics Data System}
}

@ARTICLE{grover/etal:2018,
       author = {{Grover}, Aditya and {Dhar}, Manik and {Ermon}, Stefano},
        title = "{Flow-GAN: Combining Maximum Likelihood and Adversarial Learning in Generative Models}",
      journal = {arXiv e-prints},
     keywords = {Computer Science - Machine Learning, Computer Science - Artificial Intelligence, Computer Science - Neural and Evolutionary Computing, Statistics - Machine Learning},
         year = 2017,
        month = may,
          eid = {arXiv:1705.08868},
        pages = {arXiv:1705.08868},
archivePrefix = {arXiv},
       eprint = {1705.08868},
 primaryClass = {cs.LG},
       adsurl = {https://ui.adsabs.harvard.edu/abs/2017arXiv170508868G},
      adsnote = {Provided by the SAO/NASA Astrophysics Data System}
}

@ARTICLE{smoot92,
       author = {{Smoot}, G.~F. and {Bennett}, C.~L. and {Kogut}, A. and {Wright}, E.~L. and {Aymon}, J. and {Boggess}, N.~W. and {Cheng}, E.~S. and {de Amici}, G. and {Gulkis}, S. and {Hauser}, M.~G. and {Hinshaw}, G. and {Jackson}, P.~D. and {Janssen}, M. and {Kaita}, E. and {Kelsall}, T. and {Keegstra}, P. and {Lineweaver}, C. and {Loewenstein}, K. and {Lubin}, P. and {Mather}, J. and {Meyer}, S.~S. and {Moseley}, S.~H. and {Murdock}, T. and {Rokke}, L. and {Silverberg}, R.~F. and {Tenorio}, L. and {Weiss}, R. and {Wilkinson}, D.~T.},
        title = "{Structure in the COBE Differential Microwave Radiometer First-Year Maps}",
      journal = {\apjl},
     keywords = {Cosmic Background Explorer Satellite, Microwave Radiometers, Normal Density Functions, Relic Radiation, Root-Mean-Square Errors, Astronomical Maps, Milky Way Galaxy, Space Radiation, COSMOLOGY: COSMIC MICROWAVE BACKGROUND, COSMOLOGY: OBSERVATIONS},
         year = 1992,
        month = sep,
       volume = {396},
        pages = {L1},
          doi = {10.1086/186504},
       adsurl = {https://ui.adsabs.harvard.edu/abs/1992ApJ...396L...1S},
      adsnote = {Provided by the SAO/NASA Astrophysics Data System}
}

@ARTICLE{krachmalnicoff/puglisi:2020,
       author = {{Krachmalnicoff}, Nicoletta and {Puglisi}, Giuseppe},
        title = "{ForSE: a GAN based algorithm for extending CMB foreground models to sub-degree angular scales}",
      journal = {arXiv e-prints},
     keywords = {Astrophysics - Cosmology and Nongalactic Astrophysics, Astrophysics - Instrumentation and Methods for Astrophysics},
         year = 2020,
        month = nov,
          eid = {arXiv:2011.02221},
        pages = {arXiv:2011.02221},
archivePrefix = {arXiv},
       eprint = {2011.02221},
 primaryClass = {astro-ph.CO},
       adsurl = {https://ui.adsabs.harvard.edu/abs/2020arXiv201102221K},
      adsnote = {Provided by the SAO/NASA Astrophysics Data System}
}


